@article{olesen2010clang,
	title={Clang and Coccinelle: Synergising program analysis tools for CERT C Secure Coding Standard certification},
	author={Olesen, Mads Chr and Hansen, Ren{\'e} Rydhof and Lawall, Julia L and Palix, Nicolas},
	journal={Electronic Communications of the EASST},
	volume={33},
	year={2010}
}
@book{cert-c,
	title={The CERT C secure coding standard},
	author={Seacord, Robert C},
	year={2008},
	publisher={Pearson Education}
}
@book{cert-java,
	title={The CERT Oracle Secure Coding Standard for Java},
	author={Long, Fred and Mohindra, Dhruv and Seacord, Robert C and Sutherland, Dean F and Svoboda, David},
	year={2011},
	publisher={Addison-Wesley Professional}
}
@inproceedings{vidas2011all,
	title={All Your Droid Are Belong to Us: A Survey of Current Android Attacks.},
	author={Vidas, Timothy and Votipka, Daniel and Christin, Nicolas},
	booktitle={WOOT},
	pages={81--90},
	year={2011}
}


@misc{symantec,
	title={Secure Coding},
	author={ David Wong},
	howpublished="\url{http://www.symantec.com/connect/articles/secure-coding}"
}
@misc{google,
	title={AOSP},
	author={Google},
	howpublished="\url{https://source.android.com/source/}"
}
@misc{rose,
	title={Rose Compiler Documentation},
	author={rose},
	howpublished="\url{http://resources.sei.cmu.edu/asset_files/Presentation/2008_017_001_68260.pdf}"
}
@misc{nist,
	title={Proceedings of the Static Analysis Summit},
	author={Paul E. Black, Helen Gill, and W. Bradley Martin (co-chairs)
	Elizabeth Fong (editor) },
	howpublished="\url{https://samate.nist.gov/docs/NIST_Special_Publication_500-262.pdf}"
}
@misc{misra,
	title={Guidelines for the use of the C language in critical systems},
	author={MISRA},
	howpublished="\url{http://caxapa.ru/thumbs/468328/misra-c-2004.pdf}"
}
@article{Shahriar:2012:MPS:2187671.2187673,
	author = {Shahriar, Hossain and Zulkernine, Mohammad},
	title = {Mitigating Program Security Vulnerabilities: Approaches and Challenges},
	journal = {ACM Comput. Surv.},
	issue_date = {June 2012},
	volume = {44},
	number = {3},
	month = jun,
	year = {2012},
	issn = {0360-0300},
	pages = {11:1--11:46},
	articleno = {11},
	numpages = {46},
	url = {http://doi.acm.org/10.1145/2187671.2187673},
	doi = {10.1145/2187671.2187673},
	acmid = {2187673},
	publisher = {ACM},
	address = {New York, NY, USA},
	keywords = {Program security vulnerability mitigation, hybrid analysis, patching, program transformation, secure programming, static analysis, vulnerability testing},
} 
@article{viega2002token,
	title={Token-based scanning of source code for security problems},
	author={Viega, John and Bloch, JT and Kohno, Tadayoshi and McGraw, Gary},
	journal={ACM Transactions on Information and System Security (TISSEC)},
	volume={5},
	number={3},
	pages={238--261},
	year={2002},
	publisher={ACM}
}
@inproceedings{mclean2012comparing,
	title={Comparing static security analysis tools using open source software},
	author={McLean, Ryan K},
	booktitle={Software Security and Reliability Companion (SERE-C), 2012 IEEE Sixth International Conference on},
	pages={68--74},
	year={2012},
	organization={IEEE}
}
@book{seacord2008cert,
	title={The CERT C secure coding standard},
	author={Seacord, Robert C},
	year={2008},
	publisher={Pearson Education}
}
@book{long2011cert,
	title={The CERT Oracle Secure Coding Standard for Java},
	author={Long, Fred and Mohindra, Dhruv and Seacord, Robert C and Sutherland, Dean F and Svoboda, David},
	year={2011},
	publisher={Addison-Wesley Professional}
}
@inproceedings{shahriar2013rule,
	title={Rule-Based Source Level Patching of Buffer Overflow Vulnerabilities},
	author={Shahriar, Hossain and Haddad, Hisham M},
	booktitle={Information Technology: New Generations (ITNG), 2013 Tenth International Conference on},
	pages={627--632},
	year={2013},
	organization={IEEE}
}

@article{lai2012research,
	title={Research on Method of Static Analysis for Safety of C++ Program.},
	author={Lai, Xiaochen and Wang, Xiaoliang and Zhou, Kuanjiu and Yao, Yanshuang and Tang, Lemin and Li, Likun},
	journal={International Journal of Advancements in Computing Technology},
	volume={4},
	number={21},
	year={2012}
}
@inproceedings{Eichberg:2014:SPL:2614628.2614630,
	author = {Eichberg, Michael and Hermann, Ben},
	title = {A Software Product Line for Static Analyses: The OPAL Framework},
	booktitle = {Proceedings of the 3rd ACM SIGPLAN International Workshop on the State of the Art in Java Program Analysis},
	series = {SOAP '14},
	year = {2014},
	isbn = {978-1-4503-2919-4},
	location = {Edinburgh, United Kingdom},
	pages = {1--6},
	numpages = {6},
	url = {http://doi.acm.org/10.1145/2614628.2614630},
	doi = {10.1145/2614628.2614630},
	acmid = {2614630},
	publisher = {ACM},
	address = {New York, NY, USA},
	keywords = {abstract interpretation, design, program analysis, software product line engineering, static analysis},
} 
@INPROCEEDINGS{7081856, 
	author={Nair, S. and Jetley, R. and Nair, A. and Hauck-Stattelmann, S.}, 
	booktitle={Software Analysis, Evolution and Reengineering (SANER), 2015 IEEE 22nd International Conference on}, 
	title={A static code analysis tool for control system software}, 
	year={2015}, 
	pages={459-463}, 
	keywords={control engineering computing;data flow analysis;flow graphs;program compilers;program debugging;reachability analysis;software tools;source code (software);IEC 61131-3 standard;abstract interpretation;abstract syntax trees;compile time;compliance violations;control flow graph;control system application;control system software;data flow analysis;datatype mismatches;debugging;domain specific languages;hybrid algorithm;latent errors;liveness properties;parsing;reachability;run-time errors detection;static code analysis tool;type constraints;Abstracts;Control systems;Prototypes;Semantics;Software;Standards;Syntactics}, 
	doi={10.1109/SANER.2015.7081856}, 
	month={March},}
@inproceedings{shar2012mining,
	title={Mining input sanitization patterns for predicting SQL injection and cross site scripting vulnerabilities},
	author={Shar, Lwin Khin and Tan, Hee Beng Kuan},
	booktitle={Proceedings of the 34th international conference on software engineering},
	pages={1293--1296},
	year={2012},
	organization={IEEE Press}
}
@inproceedings{younis2014using,
	title={Using Attack Surface Entry Points and Reachability Analysis to Assess the Risk of Software Vulnerability Exploitability},
	author={Younis, Awad and Malaiya, Yashwant K and Ray, Indrajit and others},
	booktitle={High-Assurance Systems Engineering (HASE), 2014 IEEE 15th International Symposium on},
	pages={1--8},
	year={2014},
	organization={IEEE}
}
@misc{ood,
	title={Visitor Pattern},
	author={oodesign.com},
	howpublished="\url{http://www.oodesign.com/visitor-pattern.html}"
}
@misc{mitre,
	title={MITRE},
	author={MITRE},
	howpublished="\url{https://www.mitre.org/publications/systems-engineering-guide/enterprise-engineering/systems-engineering-for-mission-assurance/secure-code-review}"
}
@book{chess2007secure,
	title={Secure programming with static analysis},
	author={Chess, Brian and West, Jacob},
	year={2007},
	publisher={Pearson Education}
}
@misc{cwe,
	title={Code Review Introduction},
	author={owasp.org},
	howpublished="\url{https://www.owasp.org/index.php/Code_Review_Introduction}"
}

@misc{CERTTools,
	title={Rule or Rec. CC. Analyzers},
	author={CERT},
	year={Mar 05, 2015},
	howpublished="\url{https://www.securecoding.cert.org/confluence/display/java/Rule+or+Rec.+CC.+Analyzers}"
}
@misc{EclipseJDT,
	title={Abstract Syntax Tree},
	author={Thomas Kuhn, Eye Media GmbH
	Olivier Thomann, IBM Ottawa Lab},
	year={November 20, 2006},
	howpublished="\url{http://www.eclipse.org/articles/Article-JavaCodeManipulation_AST}"
}
@misc{walkmod,
	title={WalkMod},
	author={WalkMod},
	year={May 10, 2013},
	howpublished="\url{http://walkmod.com/}"
}
@misc{msc01j,
	title={MSC01-J},
	author={ David Svoboda},
	year={Nov 03, 2015},
	howpublished="\url{https://www.securecoding.cert.org/confluence/display/java/MSC01-J.+Do+not+use+an+empty+infinite+loop}"
}
@misc{msc00j,
	title={MSC00-J},
	author={Jose Sandoval Chaverri},
	year={Feb 10, 2016},
	howpublished="\url{https://www.securecoding.cert.org/confluence/display/java/MSC00-J.+Use+SSLSocket+rather+than+Socket+for+secure+data+exchange}"
}
@misc{dcl00j,
	title={DCL00-J. Prevent class initialization cycles},
	author={Dhruv Mohindra},
	year={May 24, 2016},
	howpublished="\url{https://www.securecoding.cert.org/confluence/display/java/DCL00-J.+Prevent+class+initialization+cycles}"
}

 


